<?xml version="1.0" encoding="UTF-8"?><record xmlns="http://www.loc.gov/MARC21/slim" xmlns:cinclude="http://apache.org/cocoon/include/1.0" xmlns:zs="http://www.loc.gov/zing/srw/">
  <leader>00413nz  a2200145n  4500</leader>
  <controlfield tag="001">no 99040264 </controlfield>
  <controlfield tag="003">DLC</controlfield>
  <controlfield tag="005">19990605053036.5</controlfield>
  <controlfield tag="008">990604n| acannaab|          |n aaa     c</controlfield>
  <datafield tag="010" ind1=" " ind2=" ">
    <subfield code="a">no 99040264 </subfield>
  </datafield>
  <datafield tag="035" ind1=" " ind2=" ">
    <subfield code="a">(OCoLC)oca05000969 </subfield>
  </datafield>
  <datafield tag="040" ind1=" " ind2=" ">
    <subfield code="a">PPi-MA</subfield>
    <subfield code="c">PPi-MA</subfield>
  </datafield>
  <datafield tag="100" ind1="1" ind2="0">
    <subfield code="a">Floyd, Carlisle.</subfield>
    <subfield code="t">Sonata,</subfield>
    <subfield code="m">piano</subfield>
  </datafield>
  <datafield tag="670" ind1=" " ind2=" ">
    <subfield code="a">Floyd, C. Sonata for piano, c1959.</subfield>
  </datafield>
  <datafield tag="670" ind1=" " ind2=" ">
    <subfield code="a">New Grove dict. of Amer. mus.</subfield>
    <subfield code="b">(Piano sonata, 1957)</subfield>
  </datafield>
</record>